@misc{sqlitenetpcl,
  title = {sqlite-net-pcl},
  howpublished = {\url{https://www.nuget.org/packages/sqlite-net-pcl/}},
  note = {Accessed: 2024-2-28}
}

@misc{sqlitepclrawbundlegreen,
  title = {SQLitePCLRaw.bundle.green},
  howpublished = {\url{https://www.nuget.org/packages/SQLitePCLRaw.bundle_green/}},
  note = {Accessed: 2024-2-28}
}

@misc{maui,
  title = {.NET Multi-platform App UI Documentation},
  howpublished = {\url{https://learn.microsoft.com/en-us/dotnet/maui/?view=net-maui-8.0}},
  note = {Accessed: 2024-2-28}
}

@misc{tds,
  title = {[MS-TDS]: Tabular Data Stream Protocol},
  howpublished = {\url{https://learn.microsoft.com/en-us/openspecs/windows_protocols/ms-tds/b46a581a-39de-4745-b076-ec4dbb7d13ec}},
  note = {Accessed: 2024-2-28}
}
